% Add bibliography entries here if needed.
